<?xml version="1.0" encoding="UTF-8"?><collection xmlns="http://www.loc.gov/MARC21/slim"><record><leader>00576nam--2200181-i-4500</leader><controlfield tag="001">000024119</controlfield><controlfield tag="002">20161230</controlfield><controlfield tag="005">20161230201035</controlfield><controlfield tag="008">060222s1000------------r-----000-0-ger-d</controlfield><datafield ind1=" " ind2=" " tag="040"><subfield code="a">IFIN-HH</subfield></datafield><datafield ind1=" " ind2=" " tag="041"><subfield code="a">ger</subfield></datafield><datafield ind1=" " ind2=" " tag="080"><subfield code="a">539.9.082.5(043)</subfield></datafield><datafield ind1="1" ind2=" " tag="100"><subfield code="a">Harbich, Thomas</subfield></datafield><datafield ind1="1" ind2="0" tag="245"><subfield code="a">Benandlung von elektron-loch-plasmen in intensiven monochromatischen lichtfeldern mit hilfe der quasienergie-methode</subfield><subfield code="b">Dissertation</subfield><subfield code="c">Thomas harbich</subfield></datafield><datafield ind1=" " ind2=" " tag="260"><subfield code="a">Stuttgart</subfield><subfield code="b">Institut Fur Theoretische Physik</subfield><subfield code="c">1982</subfield></datafield><datafield ind1=" " ind2=" " tag="300"><subfield code="a">119 P</subfield></datafield><datafield ind1=" " ind2=" " tag="852"><subfield code="a">70465</subfield><subfield code="c">533.9</subfield></datafield><datafield ind1=" " ind2=" " tag="CAT"><subfield code="a">Sys</subfield><subfield code="c">20110118</subfield><subfield code="h">124722</subfield></datafield></record></collection>